<?xml version="1.0" encoding="UTF-8"?><collection xmlns="http://www.loc.gov/MARC21/slim"><record><leader>00591nam--2200193-u-4500</leader><controlfield tag="001">000053141</controlfield><controlfield tag="002">20161230</controlfield><controlfield tag="005">20161230201051</controlfield><controlfield tag="008">110106s1000------------r-----000-0-eng-d</controlfield><datafield ind1=" " ind2=" " tag="020"><subfield code="a">8847004209</subfield></datafield><datafield ind1=" " ind2=" " tag="040"><subfield code="a">IFIN-HH</subfield></datafield><datafield ind1=" " ind2=" " tag="080"><subfield code="a">(539.12:530.145):53.06</subfield></datafield><datafield ind1="1" ind2=" " tag="100"><subfield code="a">Becchi, Carlo M</subfield></datafield><datafield ind1="1" ind2="0" tag="245"><subfield code="a">An introduction to relativistic processes and the standard model of electroweak interactions</subfield><subfield code="c">Carlo m. becchi; giovanni ridolfi</subfield></datafield><datafield ind1=" " ind2=" " tag="260"><subfield code="a">Milan</subfield><subfield code="b">Springer Verlag, Italia</subfield><subfield code="c">2006</subfield></datafield><datafield ind1=" " ind2=" " tag="300"><subfield code="a">139P</subfield></datafield><datafield ind1="1" ind2=" " tag="700"><subfield code="a">Ridolfi, Giovanni</subfield></datafield><datafield ind1=" " ind2=" " tag="852"><subfield code="a">82193</subfield><subfield code="c">539.12</subfield></datafield><datafield ind1=" " ind2=" " tag="CAT"><subfield code="a">Sys</subfield><subfield code="c">20110106</subfield><subfield code="h">161225</subfield></datafield></record></collection>